@inproceedings{NpForMasses,
 author = {Stoenescu, Radu and Olteanu, Vladimir and Popovici, Matei and Ahmed, Mohamed and Martins, Joao and Bifulco, Roberto and Manco, Filipe and Huici, Felipe and Smaragdakis, Georgios and Handley, Mark and Raiciu, Costin},
 title = {In-Net: In-network Processing for the Masses},
 booktitle = {Proceedings of the Tenth European Conference on Computer Systems},
 series = {EuroSys '15},
 year = {2015},
 isbn = {978-1-4503-3238-5},
 location = {Bordeaux, France},
 pages = {23:1--23:15},
 articleno = {23},
 numpages = {15},
 url = {http://doi.acm.org/10.1145/2741948.2741961},
 doi = {10.1145/2741948.2741961},
 acmid = {2741961},
 publisher = {ACM},
 address = {New York, NY, USA},
}

@inproceedings{Hinze:2009:EAE:1619258.1619260,
	author = {Hinze, Annika and Sachs, Kai and Buchmann, Alejandro},
	title = {Event-based Applications and Enabling Technologies},
	booktitle = {Proceedings of the Third ACM International Conference on Distributed Event-Based Systems},
	series = {DEBS '09},
	year = {2009},
	isbn = {978-1-60558-665-6},
	location = {Nashville, Tennessee},
	pages = {1:1--1:15},
	articleno = {1},
	numpages = {15},
	url = {http://doi.acm.org/10.1145/1619258.1619260},
	doi = {10.1145/1619258.1619260},
	acmid = {1619260},
	publisher = {ACM},
	address = {New York, NY, USA},
} 

@INPROCEEDINGS{PerAnalysisNFV, 
author={M. Falkner and A. Leivadeas and I. Lambadaris and G. Kesidis}, 
booktitle={2016 IEEE 21st International Workshop on Computer Aided Modelling and Design of Communication Links and Networks (CAMAD)}, 
title={Performance analysis of virtualized network functions on virtualized systems architectures}, 
year={2016}, 
pages={71-76}, 
keywords={cloud computing;network servers;software defined networking;telecommunication scheduling;virtualisation;I-O demands;NFV;enterprise providers;hardware appliances;hypervisor scheduler;multiVNF configurations;network architecture;network function virtualization;network services;network throughput;operational expenses;ownership calculations;packet path;service providers;single-VNF configurations;virtualized network functions;virtualized systems architectures;Servers;Sockets;Software;Standards;Systems architecture;Throughput;Virtual machine monitors}, 
doi={10.1109/CAMAD.2016.7790333}, 
month={Oct},}




@article{Chen,
	author = {Chen, Jianjun and DeWitt, David J. and Tian, Feng and Wang, Yuan},
	title = {NiagaraCQ: A Scalable Continuous Query System for Internet Databases},
	journal = {SIGMOD Rec.},
	issue_date = {June 2000},
	volume = {29},
	number = {2},
	month = may,
	year = {2000},
	issn = {0163-5808},
	pages = {379--390},
	numpages = {12},
	url = {http://doi.acm.org/10.1145/335191.335432},
	doi = {10.1145/335191.335432},
	acmid = {335432},
	publisher = {ACM},
	address = {New York, NY, USA},
}

@book{chakravarthy,
	title={Stream data processing: a quality of service perspective: modeling, scheduling, load shedding, and complex event processing},
	author={Chakravarthy, Sharma and Qingchun, Jiang},
	volume={36},
	year={2009},
	publisher={Springer Science \& Business Media}
}

@inproceedings{Jain,
	author = {Jain, Sushant and Kumar, Alok and Mandal, Subhasree and Ong, Joon and Poutievski, Leon and Singh, Arjun and Venkata, Subbaiah and Wanderer, Jim and Zhou, Junlan and Zhu, Min and Zolla, Jon and H\"{o}lzle, Urs and Stuart, Stephen and Vahdat, Amin},
	title = {B4: Experience with a Globally-deployed Software Defined Wan},
	booktitle = {Proceedings of the ACM SIGCOMM 2013 Conference on SIGCOMM},
	series = {SIGCOMM '13},
	year = {2013},
	isbn = {978-1-4503-2056-6},
	location = {Hong Kong, China},
	pages = {3--14},
	numpages = {12},
	url = {http://doi.acm.org/10.1145/2486001.2486019},
	doi = {10.1145/2486001.2486019},
	acmid = {2486019},
	publisher = {ACM},
	address = {New York, NY, USA},
	keywords = {centralized traffic engineering, openflow, routing, software- defined networking, wide-area networks},
} 

@inproceedings{casado,
	title={Ethane: Taking control of the enterprise},
	author={Casado, Martin and Freedman, Michael J and Pettit, Justin and Luo, Jianying and McKeown, Nick and Shenker, Scott},
	booktitle={ACM SIGCOMM Computer Communication Review},
	volume={37},
	pages={1--12},
	year={2007},
	organization={ACM}
}

@article{sherwood2009flowvisor,
	title={Flowvisor: A network virtualization layer},
	author={Sherwood, Rob and Gibb, Glen and Yap, Kok-Kiong and Appenzeller, Guido and Casado, Martin and McKeown, Nick and Parulkar, Guru},
	journal={OpenFlow Switch Consortium, Tech. Rep},
	pages={1--13},
	year={2009}
}

@techreport{halpern2015service,
	title={Service function chaining (sfc) architecture},
	author={Halpern, Joel and Pignataro, Carlos},
	year={2015}
}

@article{han2015network,
	title={Network function virtualization: Challenges and opportunities for innovations},
	author={Han, Bo and Gopalakrishnan, Vijay and Ji, Lusheng and Lee, Seungjoon},
	journal={IEEE Communications Magazine},
	volume={53},
	number={2},
	pages={90--97},
	year={2015},
	publisher={IEEE}
}

@inproceedings{kivity2007kvm,
	title={kvm: the Linux virtual machine monitor},
	author={Kivity, Avi and Kamay, Yaniv and Laor, Dor and Lublin, Uri and Liguori, Anthony},
	booktitle={Proceedings of the Linux symposium},
	volume={1},
	pages={225--230},
	year={2007}
}

@inproceedings{bellard2005qemu,
	title={QEMU, a fast and portable dynamic translator.},
	author={Bellard, Fabrice},
	booktitle={USENIX Annual Technical Conference, FREENIX Track},
	pages={41--46},
	year={2005}
}

@article{russell2008virtio,
	title={virtio: towards a de-facto standard for virtual I/O devices},
	author={Russell, Rusty},
	journal={ACM SIGOPS Operating Systems Review},
	volume={42},
	number={5},
	pages={95--103},
	year={2008},
	publisher={ACM}
}

@article{hwang2015netvm,
	title={NetVM: high performance and flexible networking using virtualization on commodity platforms},
	author={Hwang, Jinho and Ramakrishnan, K K\_ and Wood, Timothy},
	journal={IEEE Transactions on Network and Service Management},
	volume={12},
	number={1},
	pages={34--47},
	year={2015},
	publisher={IEEE}
}
@inproceedings{martins2014clickos,
	title={ClickOS and the art of network function virtualization},
	author={Martins, Joao and Ahmed, Mohamed and Raiciu, Costin and Olteanu, Vladimir and Honda, Michio and Bifulco, Roberto and Huici, Felipe},
	booktitle={Proceedings of the 11th USENIX Conference on Networked Systems Design and Implementation},
	pages={459--473},
	year={2014},
	organization={USENIX Association}
}
@inproceedings{rizzo2012netmap,
	title={Netmap: a novel framework for fast packet I/O},
	author={Rizzo, Luigi},
	booktitle={21st USENIX Security Symposium (USENIX Security 12)},
	pages={101--112},
	year={2012}
}

@inproceedings{Rizzo:2012:VSE:2413176.2413185,
	author = {Rizzo, Luigi and Lettieri, Giuseppe},
	title = {VALE, a Switched Ethernet for Virtual Machines},
	booktitle = {Proceedings of the 8th International Conference on Emerging Networking Experiments and Technologies},
	series = {CoNEXT '12},
	year = {2012},
	isbn = {978-1-4503-1775-7},
	location = {Nice, France},
	pages = {61--72},
	numpages = {12},
	url = {http://doi.acm.org/10.1145/2413176.2413185},
	doi = {10.1145/2413176.2413185},
	acmid = {2413185},
	publisher = {ACM},
	address = {New York, NY, USA},
	keywords = {netmap, software switches, virtual machines},
} 


@inproceedings{gallenmüller2015comparison,
	title={Comparison of frameworks for high-performance packet IO},
	author={Gallenmüller, Sebastian and Emmerich, Paul and Wohlfart, Florian and Raumer, Daniel and Carle, Georg},
	booktitle={Architectures for Networking and Communications Systems (ANCS), 2015 ACM/IEEE Symposium on},
	pages={29--38},
	year={2015},
	organization={IEEE}
}

@inproceedings{beifuss2015study,
	title={A study of networking software induced latency},
	author={Beifu{\ss}, Alexander and Raumer, Daniel and Emmerich, Paul and Runge, Torsten M and Wohlfart, Florian and Wolfinger, Bernd E and Carle, Georg},
	booktitle={Networked Systems (NetSys), 2015 International Conference and Workshops on},
	pages={1--8},
	year={2015},
	organization={IEEE}
}
@inproceedings{ning2013virtualization,
	title={Virtualization i/o optimization based on shared memory},
	author={Ning, Fengfeng and Weng, Chuliang and Luo, Yuan},
	booktitle={Big Data, 2013 IEEE International Conference on},
	pages={70--77},
	year={2013},
	organization={IEEE}
}


@article{scholz2014look,
	title={A Look at Intel’s Dataplane Development Kit},
	author={Scholz, Dominik},
	journal={Network},
	volume={115},
	year={2014},
	publisher={Citeseer}
}

@inproceedings{kim2017study,
	title={A study on one-way communication using PF\_RING ZC},
	author={Kim, Jin-Hong and Na, Jung-Chan},
	booktitle={Advanced Communication Technology (ICACT), 2017 19th International Conference on},
	pages={301--304},
	year={2017},
	organization={IEEE}
}

@inproceedings{zhang2014smartswitch,
	title={SmartSwitch: Blurring the Line Between Network Infrastructure \& Cloud Applications.},
	author={Zhang, Wei and Wood, Timothy and Ramakrishnan, KK and Hwang, Jinho},
	booktitle={HotCloud},
	year={2014}
}

@article{BENOIT2011331,
	title = "Resource allocation for multiple concurrent in-network stream-processing applications",
	journal = "Parallel Computing",
	volume = "37",
	number = "8",
	pages = "331 - 348",
	year = "2011",
	note = "",
	issn = "0167-8191",
	doi = "http://dx.doi.org/10.1016/j.parco.2010.09.005",
	url = "http://www.sciencedirect.com/science/article/pii/S0167819110001298",
	author = "Anne Benoit and Henri Casanova and Veronika Rehn-Sonigo and Yves Robert",
	keywords = "In-network stream-processing",
	keywords = "Trees of operators",
	keywords = "Multiple concurrent applications",
	keywords = "Operator mapping",
	keywords = "Polynomial heuristics"
}

@article{Cugola,
	author = {Cugola, Gianpaolo and Margara, Alessandro},
	title = {Deployment Strategies for Distributed Complex Event Processing},
	journal = {Computing},
	issue_date = {February  2013},
	volume = {95},
	number = {2},
	month = feb,
	year = {2013},
	issn = {0010-485X},
	pages = {129--156},
	numpages = {28},
	url = {http://dx.doi.org/10.1007/s00607-012-0217-9},
	doi = {10.1007/s00607-012-0217-9},
	acmid = {2436149},
	publisher = {Springer-Verlag New York, Inc.},
	address = {New York, NY, USA},
	keywords = {68U35, Complex event processing, Distributed processing, Event based systems, Routing},
} 


@article{cugola2012processing,
	title={Processing flows of information: From data stream to complex event processing},
	author={Cugola, Gianpaolo and Margara, Alessandro},
	journal={ACM Computing Surveys (CSUR)},
	volume={44},
	number={3},
	pages={15},
	year={2012},
	publisher={ACM}
}

@inproceedings{bonomi2012fog,
	title={Fog computing and its role in the internet of things},
	author={Bonomi, Flavio and Milito, Rodolfo and Zhu, Jiang and Addepalli, Sateesh},
	booktitle={Proceedings of the first edition of the MCC workshop on Mobile cloud computing},
	pages={13--16},
	year={2012},
	organization={ACM}
}

@inproceedings{mekky2014application,
	title={Application-aware data plane processing in SDN},
	author={Mekky, Hesham and Hao, Fang and Mukherjee, Sarit and Zhang, Zhi-Li and Lakshman, TV},
	booktitle={Proceedings of the third workshop on Hot topics in software defined networking},
	pages={13--18},
	year={2014},
	organization={ACM}
}

@inproceedings{pietzuch2006network,
	title={Network-aware operator placement for stream-processing systems},
	author={Pietzuch, Peter and Ledlie, Jonathan and Shneidman, Jeffrey and Roussopoulos, Mema and Welsh, Matt and Seltzer, Margo},
	booktitle={Data Engineering, 2006. ICDE'06. Proceedings of the 22nd International Conference on},
	pages={49--49},
	year={2006},
	organization={IEEE}
}

@inproceedings{zhou2006efficient,
	title={Efficient dynamic operator placement in a locally distributed continuous query system},
	author={Zhou, Yongluan and Ooi, Beng Chin and Tan, Kian-Lee and Wu, Ji},
	booktitle={OTM Confederated International Conferences" On the Move to Meaningful Internet Systems"},
	pages={54--71},
	year={2006},
	organization={Springer}
}

@inproceedings{backman2012managing,
	title={Managing parallelism for stream processing in the cloud},
	author={Backman, Nathan and Fonseca, Rodrigo and {\c{C}}etintemel, Uǧur},
	booktitle={Proceedings of the 1st International Workshop on Hot Topics in Cloud Data Processing},
	pages={1},
	year={2012},
	organization={ACM}
}

@inproceedings{chatzistergiou2014fast,
	title={Fast heuristics for near-optimal task allocation in data stream processing over clusters},
	author={Chatzistergiou, Andreas and Viglas, Stratis D},
	booktitle={Proceedings of the 23rd ACM International Conference on Conference on Information and Knowledge Management},
	pages={1579--1588},
	year={2014},
	organization={ACM}
}

@inproceedings{aniello2013adaptive,
	title={Adaptive online scheduling in storm},
	author={Aniello, Leonardo and Baldoni, Roberto and Querzoni, Leonardo},
	booktitle={Proceedings of the 7th ACM international conference on Distributed event-based systems},
	pages={207--218},
	year={2013},
	organization={ACM}
}

@article{cui2016big,
	title={When big data meets software-defined networking: SDN for big data and big data for SDN},
	author={Cui, Laizhong and Yu, F Richard and Yan, Qiao},
	journal={IEEE Network},
	volume={30},
	number={1},
	pages={58--65},
	year={2016},
	publisher={IEEE}
}

@inproceedings{rizou2010solving,
	title={Solving the Multi-Operator Placement Problem in Large-Scale Operator Networks.},
	author={Rizou, Stamatia and D{\"u}rr, Frank and Rothermel, Kurt},
	booktitle={ICCCN},
	pages={1--6},
	year={2010}
}



@inproceedings{xu2016towards,
	title={Towards SDN-based fog computing: MQTT broker virtualization for effective and reliable delivery},
	author={Xu, Yiming and Mahendran, V and Radhakrishnan, Sridhar},
	booktitle={Communication Systems and Networks (COMSNETS), 2016 8th International Conference on},
	pages={1--6},
	year={2016},
	organization={IEEE}
}

@inproceedings{flauzac2015sdn,
	title={SDN based architecture for IoT and improvement of the security},
	author={Flauzac, Olivier and Gonz{\'a}lez, Carlos and Hachani, Abdelhak and Nolot, Florent},
	booktitle={Advanced Information Networking and Applications Workshops (WAINA), 2015 IEEE 29th International Conference on},
	pages={688--693},
	year={2015},
	organization={IEEE}
}

@inproceedings{el2015software,
	title={Software-defined wireless network architectures for the Internet-of-Things},
	author={El-Mougy, Amr and Ibnkahla, Mohamed and Hegazy, Lobna},
	booktitle={Local Computer Networks Conference Workshops (LCN Workshops), 2015 IEEE 40th},
	pages={804--811},
	year={2015},
	organization={IEEE}
}

@inproceedings{qin2014software,
	title={A software defined networking architecture for the internet-of-things},
	author={Qin, Zhijing and Denker, Grit and Giannelli, Carlo and Bellavista, Paolo and Venkatasubramanian, Nalini},
	booktitle={Network Operations and Management Symposium (NOMS), 2014 IEEE},
	pages={1--9},
	year={2014},
	organization={IEEE}
}

@inproceedings{truong2015software,
	title={Software defined networking-based vehicular adhoc network with fog computing},
	author={Truong, Nguyen B and Lee, Gyu Myoung and Ghamri-Doudane, Yacine},
	booktitle={Integrated Network Management (IM), 2015 IFIP/IEEE International Symposium on},
	pages={1202--1207},
	year={2015},
	organization={IEEE}
}



@online{OpenStack14,
	title = {OpenStack User Survey Insights 2014},
	author = {OpenStack Superuser},
	year = 2014,
	url = {http://superuser.openstack.org/articles/openstack-user-survey-insights-november-2014/},
	urldate = {2014-09-03}
}

@online{OpenStack17,
	title = {OpenStack User Survey Insights 2017},
	author = {OpenStack Superuser},
	year = 2017,
	url = {https://www.openstack.org/assets/survey/April2017SurveyReport.pdf},
	urldate = {2017-04-03}
}

@online{Esper,
	title = {Esper reference release 5.3.0},
	author = {Esper Query Language sReference},
	year = 2015,
	url = {http://www.espertech.com/esper/release-5.3.0/esper-reference/html/epl_clauses.html#epl-intro},
}

@online{DPDK,
	title = {Intel Data Plane Development Kit},
	author = {Intel DPDK},
	url = {http://www.dpdk.org/},
}




@inproceedings{pfaff2015design,
	title={The Design and Implementation of Open vSwitch.},
	author={Pfaff, Ben and Pettit, Justin and Koponen, Teemu and Jackson, Ethan J and Zhou, Andy and Rajahalme, Jarno and Gross, Jesse and Wang, Alex and Stringer, Joe and Shelar, Pravin and others},
	booktitle={NSDI},
	pages={117--130},
	year={2015}
}

@article{luckham1998complex,
	title={Complex event processing in distributed systems},
	author={Luckham, David C and Frasca, Brian},
	journal={Computer Systems Laboratory Technical Report CSL-TR-98-754. Stanford University, Stanford},
	volume={28},
	year={1998}
}

@Inbook{Krishnan2015,
	author="Krishnan, S. P. T.
	and Gonzalez, Jose L. Ugia",
	title="Google Cloud Pub/Sub",
	bookTitle="Building Your Next Big Thing with Google Cloud Platform: A Guide for Developers and Enterprise Architects",
	year="2015",
	publisher="Apress",
	address="Berkeley, CA",
	pages="277--292",
	isbn="978-1-4842-1004-8",
	doi="10.1007/978-1-4842-1004-8_12",
	url="http://dx.doi.org/10.1007/978-1-4842-1004-8_12"
}


@article{kafka2014high,
	title={A high-throughput, distributed messaging system},
	author={Kafka, Apache},
	journal={URL: kafka. apache. org as of},
	volume={5},
	number={1},
	year={2014}
}

@article{OpenFlow-White-Paper,
	author = {McKeown, Nick and Anderson, Tom and Balakrishnan, Hari and Parulkar, Guru and Peterson, Larry and Rexford, Jennifer and Shenker, Scott and Turner, Jonathan},
	title = {OpenFlow: Enabling Innovation in Campus Networks},
	journal = {SIGCOMM Comput. Commun. Rev.},
	issue_date = {April 2008},
	volume = {38},
	number = {2},
	month = mar,
	year = {2008},
	issn = {0146-4833},
	pages = {69--74},
	numpages = {6},
	url = {http://doi.acm.org/10.1145/1355734.1355746},
	doi = {10.1145/1355734.1355746},
	acmid = {1355746},
	publisher = {ACM},
	address = {New York, NY, USA},
	keywords = {ethernet switch, flow-based, virtualization},
} 


@misc{OFArchive,
	author = {OFArchive},
	editor={OFArchive},
	title = {OF Archive},
	howpublished = {\url{http://archive.openflow.org/}},
	note = {2016-02-08},
	originalyear={}
}

@online{OFSwitchSpecification,
	title = {OpenFlow Switch Specification},
	author = {The Open Networking Foundation},
	year = 2012,
	month = {Jun},
	url = {https://www.opennetworking.org/images/stories/downloads/sdn-resources/onf-specifications/openflow/openflow-switch-v1.5.0.noipr.pdf},
	urldate = {2014-09-03}
}

@misc{RYU-Documentation,
	title={RYU-Documentation},
	author={RYU Community},
	url={http://ryu.readthedocs.io/en/latest/components.html},
	note={Accessed: 5-7-2017}
}
