@Inbook{Luckham2008,
author="Luckham, David",
editor="Bassiliades, Nick
and Governatori, Guido
and Paschke, Adrian",
title="The Power of Events: An Introduction to Complex Event Processing in Distributed Enterprise Systems",
bookTitle="Rule Representation, Interchange and Reasoning on the Web: International Symposium, RuleML 2008, Orlando, FL, USA, October 30-31, 2008. Proceedings",
year="2008",
publisher="Springer Berlin Heidelberg",
address="Berlin, Heidelberg",
pages="3--3",
isbn="978-3-540-88808-6",
doi="10.1007/978-3-540-88808-6_2",
url="http://dx.doi.org/10.1007/978-3-540-88808-6_2"
}

